% Encoding: UTF-8


@Book{chapman2004fortran,
  Title                    = {Fortran 90/95 for scientists and engineers},
  Author                   = {Chapman, Stephen J},
  Publisher                = {McGraw-Hill Higher Education},
  Year                     = {2004}
}

@Book{chivers2018introduction,
  Title                    = {Introduction to Programming with FORTRAN},
  Author                   = {Chivers, Ian D and Sleightholme, Jane},
  Publisher                = {Springer},
  Year                     = {2006},
  Volume                   = {2}
}

@Article{kurganov2002solution,
  Title                    = {Solution of two-dimensional Riemann problems for gas dynamics without Riemann problem solvers},
  Author                   = {Kurganov, Alexander and Tadmor, Eitan},
  Journal                  = {Numerical Methods for Partial Differential Equations: An International Journal},
  Year                     = {2002},
  Number                   = {5},
  Pages                    = {584--608},
  Volume                   = {18},

  Publisher                = {Wiley Online Library}
}

@Article{lax1998solution,
  Title                    = {Solution of two-dimensional Riemann problems of gas dynamics by positive schemes},
  Author                   = {Lax, Peter D and Liu, Xu-Dong},
  Journal                  = {SIAM Journal on Scientific Computing},
  Year                     = {1998},
  Number                   = {2},
  Pages                    = {319--340},
  Volume                   = {19},

  Publisher                = {SIAM}
}

@InProceedings{inproceedings,
  Title                    = {Flux-Vector Splitting for the Euler Equation},
  Author                   = {van Leer, Bram},
  Year                     = {1982},
  Month                    = {01},
  Volume                   = {170},

  Doi                      = {10.1007/3-540-11948-5_66},
  Journal                  = {Lecture Notes in Physics}
}

@Book{leveque2002finite,
  Title                    = {Finite volume methods for hyperbolic problems},
  Author                   = {LeVeque, Randall J},
  Publisher                = {Cambridge university press},
  Year                     = {2002},
  Volume                   = {31}
}

@Book{leveque1992numerical,
  Title                    = {Numerical methods for conservation laws},
  Author                   = {LeVeque, Randall J},
  Publisher                = {Springer},
  Year                     = {1992},
  Volume                   = {132}
}

@Article{liu2003positive,
  Title                    = {Positive schemes for solving multi-dimensional hyperbolic systems of conservation laws II},
  Author                   = {Liu, Xu-Dong and Lax, Peter D},
  Journal                  = {Journal of Computational Physics},
  Year                     = {2003},
  Number                   = {2},
  Pages                    = {428--440},
  Volume                   = {187},

  Publisher                = {Elsevier}
}

@Book{quartapelle2013fluidodinamica,
  Title                    = {Fluidodinamica comprimibile},
  Author                   = {Quartapelle, Luigi and Auteri, Franco},
  Publisher                = {Casa editrice ambrosiana},
  Year                     = {2013}
}

@InProceedings{rohde2001eigenvalues,
  Title                    = {Eigenvalues and eigenvectors of the Euler equations in general geometries},
  Author                   = {Rohde, Axel},
  Booktitle                = {15th AIAA Computational Fluid Dynamics Conference},
  Year                     = {2001},
  Pages                    = {2609}
}

@Book{toro2013riemann,
  Title                    = {Riemann solvers and numerical methods for fluid dynamics: a practical introduction},
  Author                   = {Toro, Eleuterio F},
  Publisher                = {Springer Science \& Business Media},
  Year                     = {2013}
}

@Article{toro1994restoration,
  Title                    = {Restoration of the contact surface in the HLL-Riemann solver},
  Author                   = {Toro, Eleuterio F and Spruce, Michael and Speares, William},
  Journal                  = {Shock waves},
  Year                     = {1994},
  Number                   = {1},
  Pages                    = {25--34},
  Volume                   = {4},

  Publisher                = {Springer}
}

@Book{vazquez2012numerical,
  Title                    = {Numerical methods for hyperbolic equations},
  Author                   = {V{\'a}zquez-Cend{\'o}n, Elena and Hidalgo, Arturo and Navarro, Pilar Garcia and Cea, Luis},
  Publisher                = {CRC Press},
  Year                     = {2012}
}

@InCollection{turek2011numerical,
  author    = {Turek, Stefan and Hron, J and Madlik, Martin and Razzaq, Mudassar and Wobker, Hilmar and Acker, Jens F},
  booktitle = {Fluid Structure Interaction II},
  publisher = {Springer},
  title     = {Numerical simulation and benchmarking of a monolithic multigrid solver for fluid-structure interaction problems with application to hemodynamics},
  year      = {2011},
  pages     = {193--220},
}

@Comment{jabref-meta: databaseType:bibtex;}
